@preamble{"\DeclareRobustCommand{\firstsecond}[2]{#2}"}

@misc{WB:2014,
  author = {{\firstsecond{World Bank}{The World Bank}}},
  title = {Life expectancy},
  year = {2014},
  note = {data retrieved from World Development Indicators,
          \url{http://data.worldbank.org/indicator/SP.DYN.LE00.FE.IN}},
}
